@inproceedings{uncited,
abstract = {do not delete - needed to identify not referenced entries},
address = {everything below this entry is not cited in the document},
annote = {everything below this entry is not cited in the document},
author = {everything below this entry is not cited in the document},
booktitle = {everything below this entry is not cited in the document},
title = {everything below this entry is not cited in the document},
year = {2011}
}
