Might be automatically generated by e.g. Mendeley

@misc{Waitzman:1999,
author = {Waitzman, D},
howpublished = {IETF Standards Track RFC 2549},
institution = {Internet Engineering Task Force},
keywords = {Network,QoS,RFC},
number = {2549},
series = {Request for Comments},
title = {{IP over Avian Carriers with Quality of Service}},
url = {http://www.ietf.org/rfc/rfc2549.txt},
year = {1999}
}

@misc{uncited:1999,
author = {Doe, J},
howpublished = {to be done},
institution = {to be done},
keywords = {a,b,c},
number = {1234},
series = {to be done},
title = {{Forgot to cite this one here}},
url = {http://www.example.org},
year = {1999}
}
