Might be automatically generated by e.g. Mendeley

@misc{Waitzman:1999,
author = {Waitzman, D},
howpublished = {IETF Standards Track RFC 2549},
institution = {Internet Engineering Task Force},
keywords = {Network,QoS,RFC},
number = {2549},
series = {Request for Comments},
title = {{IP over Avian Carriers with Quality of Service}},
url = {http://www.ietf.org/rfc/rfc2549.txt},
year = {1999}
}

@misc{uncited:1999,
author = {Doe, J},
howpublished = {to be done},
institution = {to be done},
keywords = {a,b,c},
number = {1234},
series = {to be done},
title = {{Forgot to cite this one here}},
url = {http://www.example.org},
year = {1999}
}

@incollection{Liu2009a,
address = {Boston, MA},
author = {Mankovskii, Serguei and Gogolla, Martin and Urban, Susan D. and Dietrich, Suzanne W. and Urban, Susan D. and Dietrich, Suzanne W. and Yang, Ming-Hsuan and Dobbie, Gillian and Ling, Tok Wang and Halpin, Terry and Kemme, Bettina and Schweikardt, Nicole and Abell{\'{o}}, Alberto and Romero, Oscar and Jimenez-Peris, Ricardo and Stevens, Robert and Lord, Phillip and Gruber, Tom and Leenheer, Pieter De and Gal, Avigdor and Bechhofer, Sean and Paton, Norman W. and Li, Changqing and Buchmann, Alejandro and Hardavellas, Nikos and Pandis, Ippokratis and Liu, Bing and Shapiro, Marc and Bellatreche, Ladjel and Gray, Peter M. D. and Aalst, W. M. P. and Palmer, Nathaniel and Palmer, Nathaniel and Risch, Tore and Galuba, Wojciech and Girdzijauskas, Sarunas and Bechhofer, Sean},
booktitle = {Encyclopedia of Database Systems},
doi = {10.1007/978-0-387-39940-9_1318},
editor = {Liu, M.T. {\"{O}}zsu},
isbn = {978-0-387-35544-3},
keywords = {Ontology},
mendeley-tags = {Ontology},
pages = {1963--1965},
publisher = {Springer US},
title = {{Ontology}},
year = {2009}
}

@inproceedings{falbo2002ontological,
address = {New York, New York, USA},
author = {Falbo, Ricardo de Almeida and Guizzardi, Giancarlo and Duarte, Katia Cristina},
booktitle = {14th international conference on Software engineering and knowledge engineering (SEKE)},
doi = {10.1145/568760.568822},
keywords = {own},
isbn = {1581135564},
pages = {351},
publisher = {ACM Press},
title = {{An ontological approach to domain engineering}},
year = {2002}
}

@misc{kelly2007,
author = {Kelly, Kevin},
howpublished = {The Technicum},
keywords = {Intercloud,web},
mendeley-tags = {web},
title = {{A Cloudbook for the Cloud}},
url = {http://kk.org/thetechnium/archives/2007/11/a_cloudbook_for.php},
urldate = {2014-03-27},
year = {2007}
}

